<?xml version="1.0" encoding="UTF-8"?>
<!DOCTYPE html PUBLIC "-//W3C//DTD XHTML 1.0 Transitional//EN"
    "http://www.w3.org/TR/xhtml1/DTD/xhtml1-transitional.dtd">
<html xmlns="http://www.w3.org/1999/xhtml" xml:lang="en" lang="en">
 <head>
  <title>
</title>
<meta http-equiv="Content-Type" content="text/html;charset=utf-8" />
  <meta name='ocr-system' content='tesseract 3.04.00' />
  <meta name='ocr-capabilities' content='ocr_page ocr_carea ocr_par ocr_line ocrx_word'/>
</head>
<body>
  <div class='ocr_page' id='page_1' title='image "./oeuvresdhoraceen05hora_0085.png"; bbox 0 0 1747 3044; ppageno 0'>
   <div class='ocr_carea' id='block_1_1' title="bbox 338 134 1442 206">
    <p class='ocr_par' dir='ltr' id='par_1_1' title="bbox 338 134 1442 206">
     <span class='ocr_line' id='line_1_1' title="bbox 338 134 1442 206; baseline -0.005 -15"><span class='ocrx_word' id='word_1_1' title='bbox 338 137 684 191; x_wconf 75' lang='lat' dir='ltr'>SATIRA</span> <span class='ocrx_word' id='word_1_2' title='bbox 758 134 1076 190; x_wconf 80' lang='lat' dir='ltr'>II.·L113.</span> <span class='ocrx_word' id='word_1_3' title='bbox 1142 136 1181 188; x_wconf 83' lang='grc' dir='ltr'><em>Ι.</em></span> <span class='ocrx_word' id='word_1_4' title='bbox 1378 151 1442 206; x_wconf 81' lang='lat'><em>55</em></span> 
     </span>
    </p>
   </div>
   <div class='ocr_carea' id='block_1_2' title="bbox 99 218 1484 2848">
    <p class='ocr_par' dir='ltr' id='par_1_2' title="bbox 99 218 1484 2848">
     <span class='ocr_line' id='line_1_2' title="bbox 99 218 1444 288; baseline -0.004 -15"><span class='ocrx_word' id='word_1_5' title='bbox 99 221 323 288; x_wconf 73' lang='lat' dir='ltr'><em>Accidit,</em></span> <span class='ocrx_word' id='word_1_6' title='bbox 356 231 412 269; x_wconf 90' lang='lat' dir='ltr'><em>ut</em></span> <span class='ocrx_word' id='word_1_7' title='bbox 436 219 616 270; x_wconf 89' lang='lat' dir='ltr'><em>cuidam</em></span> <span class='ocrx_word' id='word_1_8' title='bbox 639 218 775 288; x_wconf 80' lang='lat' dir='ltr'><em>testes</em></span> <span class='ocrx_word' id='word_1_9' title='bbox 802 218 1084 288; x_wconf 78' lang='lat' dir='ltr'><em>caudamque</em></span> <span class='ocrx_word' id='word_1_10' title='bbox 1102 218 1309 287; x_wconf 71' lang='lat' dir='ltr'><em>salacem</em></span> <span class='ocrx_word' id='word_1_11' title='bbox 1376 237 1444 288; x_wconf 83' lang='lat'><em>45</em></span> 
     </span>
     <span class='ocr_line' id='line_1_3' title="bbox 104 290 1454 362; baseline -0.001 -18"><span class='ocrx_word' id='word_1_12' title='bbox 104 299 377 354; x_wconf 79' lang='lat' dir='ltr'><em>Demeteret</em></span> <span class='ocrx_word' id='word_1_13' title='bbox 388 291 593 362; x_wconf 84' lang='lat' dir='ltr'><em>ferrum.</em></span> <span class='ocrx_word' id='word_1_14' title='bbox 641 290 803 358; x_wconf 72' lang='lat' dir='ltr'><em>Jure,</em></span> <span class='ocrx_word' id='word_1_15' title='bbox 838 306 987 339; x_wconf 83' lang='lat' dir='ltr'><em>omnes</em></span> <span class='ocrx_word' id='word_1_16' title='bbox 1003 309 1018 339; x_wconf 90' lang='grc'><em>.·</em></span> <span class='ocrx_word' id='word_1_17' title='bbox 1054 290 1212 339; x_wconf 81' lang='lat' dir='ltr'><em>Galba</em></span> <span class='ocrx_word' id='word_1_18' title='bbox 1235 290 1454 354; x_wconf 83' lang='lat' dir='ltr'><em>negabat.</em></span> 
     </span>
     <span class='ocr_line' id='line_1_4' title="bbox 107 359 1275 432; baseline -0.003 -18"><span class='ocrx_word' id='word_1_19' title='bbox 107 368 272 414; x_wconf 87' lang='lat' dir='ltr'><em>Tutior</em></span> <span class='ocrx_word' id='word_1_20' title='bbox 298 376 354 414; x_wconf 89' lang='lat' dir='ltr'><em>at</em></span> <span class='ocrx_word' id='word_1_21' title='bbox 381 375 558 432; x_wconf 85' lang='lat' dir='ltr'><em>quanto</em></span> <span class='ocrx_word' id='word_1_22' title='bbox 583 379 714 411; x_wconf 82' lang='lat' dir='ltr'><em>merx</em></span> <span class='ocrx_word' id='word_1_23' title='bbox 737 360 799 429; x_wconf 83' lang='lat' dir='ltr'><em>est·</em></span> <span class='ocrx_word' id='word_1_24' title='bbox 819 366 871 411; x_wconf 88' lang='lat' dir='ltr'><em>in</em></span> <span class='ocrx_word' id='word_1_25' title='bbox 896 359 1027 431; x_wconf 83' lang='lat' dir='ltr'><em>claffe</em></span> <span class='ocrx_word' id='word_1_26' title='bbox 1038 361 1275 429; x_wconf 74' lang='lat' dir='ltr'><em>secunda:</em></span> 
     </span>
     <span class='ocr_line' id='line_1_5' title="bbox 108 431 1120 502; baseline -0.004 -17"><span class='ocrx_word' id='word_1_27' title='bbox 108 435 472 485; x_wconf 80' lang='lat' dir='ltr'><em>Libertinarum</em></span> <span class='ocrx_word' id='word_1_28' title='bbox 497 434 623 483; x_wconf 85' lang='lat' dir='ltr'><em>dico:</em></span> <span class='ocrx_word' id='word_1_29' title='bbox 658 431 901 502; x_wconf 84' lang='lat' dir='ltr'><em>Sallustius</em></span> <span class='ocrx_word' id='word_1_30' title='bbox 924 437 976 481; x_wconf 84' lang='lat' dir='ltr'><em>in</em></span> <span class='ocrx_word' id='word_1_31' title='bbox 1002 450 1120 501; x_wconf 86' lang='lat' dir='ltr'><em>quas</em></span> 
     </span>
     <span class='ocr_line' id='line_1_6' title="bbox 107 502 1451 575; baseline -0.003 -19"><span class='ocrx_word' id='word_1_32' title='bbox 107 509 224 556; x_wconf 81' lang='lat' dir='ltr'><em>Non</em></span> <span class='ocrx_word' id='word_1_33' title='bbox 248 510 398 555; x_wconf 87' lang='lat' dir='ltr'><em>minus</em></span> <span class='ocrx_word' id='word_1_34' title='bbox 421 504 629 572; x_wconf 79' lang='lat' dir='ltr'><em>insanit,</em></span> <span class='ocrx_word' id='word_1_35' title='bbox 644 523 783 574; x_wconf 81' lang='lat' dir='ltr'><em>quam</em></span> <span class='ocrx_word' id='word_1_36' title='bbox 808 508 888 572; x_wconf 81' lang='lat' dir='ltr'><em>qui</em></span> <span class='ocrx_word' id='word_1_37' title='bbox 914 504 1185 554; x_wconf 86' lang='lat' dir='ltr'><em>moechatur.</em></span> <span class='ocrx_word' id='word_1_38' title='bbox 1212 514 1268 552; x_wconf 81' lang='lat' dir='ltr'><em>at</em></span> <span class='ocrx_word' id='word_1_39' title='bbox 1288 502 1362 552; x_wconf 86' lang='lat' dir='ltr'><em>hic</em></span> <span class='ocrx_word' id='word_1_40' title='bbox 1375 503 1451 575; x_wconf 75' lang='lat' dir='ltr'><em>si,</em></span> 
     </span>
     <span class='ocr_line' id='line_1_7' title="bbox 109 574 1454 647; baseline -0.004 -21"><span class='ocrx_word' id='word_1_41' title='bbox 109 576 227 647; x_wconf 61' lang='lat' dir='ltr'><em>Qu*</em></span> <span class='ocrx_word' id='word_1_42' title='bbox 256 594 360 639; x_wconf 85' lang='lat' dir='ltr'><em>res,</em></span> <span class='ocrx_word' id='word_1_43' title='bbox 394 575 489 645; x_wconf 61' lang='lat' dir='ltr'><em>qui</em></span> <span class='ocrx_word' id='word_1_44' title='bbox 515 580 641 625; x_wconf 83' lang='lat' dir='ltr'><em>ratio</em></span> <span class='ocrx_word' id='word_1_45' title='bbox 652 575 901 645; x_wconf 78' lang='lat' dir='ltr'><em>fiaeaderet,</em></span> <span class='ocrx_word' id='word_1_46' title='bbox 940 593 1122 644; x_wconf 80' lang='lat' dir='ltr'><em>quaque</em></span> <span class='ocrx_word' id='word_1_47' title='bbox 1146 574 1335 643; x_wconf 86' lang='lat' dir='ltr'><em>modeste</em></span> <span class='ocrx_word' id='word_1_48' title='bbox 1385 593 1454 641; x_wconf 86' lang='lat'><em>50</em></span> 
     </span>
     <span class='ocr_line' id='line_1_8' title="bbox 113 644 1419 719; baseline -0.003 -21"><span class='ocrx_word' id='word_1_49' title='bbox 113 647 393 719; x_wconf 87' lang='lat' dir='ltr'><em>Munificum</em></span> <span class='ocrx_word' id='word_1_50' title='bbox 418 648 503 717; x_wconf 83' lang='lat' dir='ltr'><em>effe</em></span> <span class='ocrx_word' id='word_1_51' title='bbox 527 646 663 712; x_wconf 75' lang='lat' dir='ltr'><em>licet,</em></span> <span class='ocrx_word' id='word_1_52' title='bbox 696 644 844 695; x_wconf 88' lang='lat' dir='ltr'><em>vellet</em></span> <span class='ocrx_word' id='word_1_53' title='bbox 861 645 1003 695; x_wconf 80' lang='lat' dir='ltr'><em>bonus</em></span> <span class='ocrx_word' id='word_1_54' title='bbox 1026 658 1170 715; x_wconf 80' lang='lat' dir='ltr'><em>atque</em></span> <span class='ocrx_word' id='word_1_55' title='bbox 1197 645 1419 709; x_wconf 80' lang='lat' dir='ltr'><em>benignus</em></span> 
     </span>
     <span class='ocr_line' id='line_1_9' title="bbox 114 716 1390 788; baseline -0.002 -20"><span class='ocrx_word' id='word_1_56' title='bbox 114 719 224 788; x_wconf 78' lang='lat' dir='ltr'><em>Effi’</em></span> <span class='ocrx_word' id='word_1_57' title='bbox 240 753 256 780; x_wconf 82' lang='grc'>,</span> <span class='ocrx_word' id='word_1_58' title='bbox 286 719 426 768; x_wconf 88' lang='lat' dir='ltr'><em>daret</em></span> <span class='ocrx_word' id='word_1_59' title='bbox 449 729 678 786; x_wconf 83' lang='lat' dir='ltr'><em>quantum</em></span> <span class='ocrx_word' id='word_1_60' title='bbox 688 718 818 784; x_wconf 76' lang='lat' dir='ltr'><em>fhtis</em></span> <span class='ocrx_word' id='word_1_61' title='bbox 841 719 980 787; x_wconf 67' lang='lat' dir='ltr'><em>efflet,</em></span> <span class='ocrx_word' id='word_1_62' title='bbox 1015 735 1093 766; x_wconf 88' lang='lat' dir='ltr'><em>nec</em></span> <span class='ocrx_word' id='word_1_63' title='bbox 1108 716 1201 787; x_wconf 87' lang='lat' dir='ltr'><em>fibi</em></span> <span class='ocrx_word' id='word_1_64' title='bbox 1221 717 1390 766; x_wconf 86' lang='lat' dir='ltr'><em>damno</em></span> 
     </span>
     <span class='ocr_line' id='line_1_10' title="bbox 109 786 1422 857; baseline -0.002 -18"><span class='ocrx_word' id='word_1_65' title='bbox 109 789 584 857; x_wconf 83' lang='lat' dir='ltr'><em>Dedecoriqueforet.</em></span> <span class='ocrx_word' id='word_1_66' title='bbox 607 804 776 836; x_wconf 85' lang='lat' dir='ltr'><em>verum</em></span> <span class='ocrx_word' id='word_1_67' title='bbox 801 786 882 836; x_wconf 88' lang='lat' dir='ltr'><em>hoc</em></span> <span class='ocrx_word' id='word_1_68' title='bbox 895 788 949 856; x_wconf 75' lang='lat' dir='ltr'><em>fi’</em></span> <span class='ocrx_word' id='word_1_69' title='bbox 975 786 1273 854; x_wconf 68' lang='lat' dir='ltr'><em>amplec‘titur</em></span> <span class='ocrx_word' id='word_1_70' title='bbox 1299 805 1422 849; x_wconf 77' lang='lat' dir='ltr'><em>une,</em></span> 
     </span>
     <span class='ocr_line' id='line_1_11' title="bbox 110 856 1460 924; baseline -0.001 -15"><span class='ocrx_word' id='word_1_71' title='bbox 110 863 212 909; x_wconf 90' lang='lat' dir='ltr'><em>Hoc</em></span> <span class='ocrx_word' id='word_1_72' title='bbox 226 871 359 907; x_wconf 87' lang='lat' dir='ltr'><em>amat</em></span> <span class='ocrx_word' id='word_1_73' title='bbox 374 894 390 920; x_wconf 65' lang='lat'>2</span> <span class='ocrx_word' id='word_1_74' title='bbox 403 858 484 907; x_wconf 88' lang='lat' dir='ltr'><em>hoc</em></span> <span class='ocrx_word' id='word_1_75' title='bbox 498 856 669 908; x_wconf 86' lang='lat' dir='ltr'><em>laudat</em></span> <span class='ocrx_word' id='word_1_76' title='bbox 680 897 696 924; x_wconf 66' lang='lat'>2</span> <span class='ocrx_word' id='word_1_77' title='bbox 713 863 994 906; x_wconf 85' lang='lat' dir='ltr'><em>Matronam</em></span> <span class='ocrx_word' id='word_1_78' title='bbox 1006 857 1183 907; x_wconf 86' lang='lat' dir='ltr'><em>nullam</em></span> <span class='ocrx_word' id='word_1_79' title='bbox 1196 875 1270 921; x_wconf 86' lang='lat' dir='ltr'><em>ego</em></span> <span class='ocrx_word' id='word_1_80' title='bbox 1284 870 1428 922; x_wconf 84' lang='lat' dir='ltr'><em>tango</em></span> <span class='ocrx_word' id='word_1_81' title='bbox 1439 894 1460 922; x_wconf 67' lang='lat'>2</span> 
     </span>
     <span class='ocr_line' id='line_1_12' title="bbox 107 927 1456 998; baseline -0.002 -19"><span class='ocrx_word' id='word_1_82' title='bbox 107 934 177 980; x_wconf 89' lang='lat' dir='ltr'><em>Ut</em></span> <span class='ocrx_word' id='word_1_83' title='bbox 203 929 435 998; x_wconf 81' lang='lat' dir='ltr'><em>quondam</em></span> <span class='ocrx_word' id='word_1_84' title='bbox 465 929 703 998; x_wconf 81' lang='lat' dir='ltr'><em>Marsaeus</em></span> <span class='ocrx_word' id='word_1_85' title='bbox 725 941 912 978; x_wconf 81' lang='lat' dir='ltr'><em>amator</em></span> <span class='ocrx_word' id='word_1_86' title='bbox 938 933 1179 991; x_wconf 79' lang='lat' dir='ltr'><em>Originis,</em></span> <span class='ocrx_word' id='word_1_87' title='bbox 1215 927 1294 978; x_wconf 91' lang='lat' dir='ltr'><em>ille</em></span> <span class='ocrx_word' id='word_1_88' title='bbox 1392 945 1456 998; x_wconf 84' lang='lat'><em>55</em></span> 
     </span>
     <span class='ocr_line' id='line_1_13' title="bbox 113 998 1387 1070; baseline -0.001 -21"><span class='ocrx_word' id='word_1_89' title='bbox 113 999 218 1067; x_wconf 54' lang='lat' dir='ltr'><em>Qui</em></span> <span class='ocrx_word' id='word_1_90' title='bbox 237 1005 452 1067; x_wconf 87' lang='lat' dir='ltr'><em>patrium</em></span> <span class='ocrx_word' id='word_1_91' title='bbox 474 1005 624 1050; x_wconf 88' lang='lat' dir='ltr'><em>mimae</em></span> <span class='ocrx_word' id='word_1_92' title='bbox 649 999 797 1048; x_wconf 89' lang='lat' dir='ltr'><em>donat</em></span> <span class='ocrx_word' id='word_1_93' title='bbox 805 999 1101 1070; x_wconf 71' lang='lat' dir='ltr'><em>fundumque</em></span> <span class='ocrx_word' id='word_1_94' title='bbox 1125 998 1387 1068; x_wconf 75' lang='lat' dir='ltr'><em>laremque,</em></span> 
     </span>
     <span class='ocr_line' id='line_1_14' title="bbox 113 1070 1460 1142; baseline -0.002 -18"><span class='ocrx_word' id='word_1_95' title='bbox 113 1071 212 1124; x_wconf 83' lang='lat' dir='ltr'><em>Nil</em></span> <span class='ocrx_word' id='word_1_96' title='bbox 218 1073 378 1142; x_wconf 83' lang='lat' dir='ltr'><em>fuerit</em></span> <span class='ocrx_word' id='word_1_97' title='bbox 391 1070 456 1121; x_wconf 75' lang='lat' dir='ltr'><em>mi</em></span> <span class='ocrx_word' id='word_1_98' title='bbox 468 1107 485 1135; x_wconf 82' lang='lat'>‚</span> <span class='ocrx_word' id='word_1_99' title='bbox 511 1076 669 1140; x_wconf 75' lang='lat' dir='ltr'><em>inquit</em></span> <span class='ocrx_word' id='word_1_100' title='bbox 682 1110 698 1138; x_wconf 77' lang='lat'>,</span> <span class='ocrx_word' id='word_1_101' title='bbox 712 1089 812 1120; x_wconf 84' lang='lat' dir='ltr'><em>cum</em></span> <span class='ocrx_word' id='word_1_102' title='bbox 824 1070 1047 1121; x_wconf 84' lang='lat' dir='ltr'><em>uxoribus</em></span> <span class='ocrx_word' id='word_1_103' title='bbox 1061 1089 1264 1139; x_wconf 80' lang='lat' dir='ltr'><em>unquam</em></span> <span class='ocrx_word' id='word_1_104' title='bbox 1278 1070 1460 1121; x_wconf 87' lang='lat' dir='ltr'><em>alienis.</em></span> 
     </span>
     <span class='ocr_line' id='line_1_15' title="bbox 116 1141 1464 1212; baseline -0.001 -19"><span class='ocrx_word' id='word_1_105' title='bbox 116 1147 282 1194; x_wconf 80' lang='lat' dir='ltr'><em>Verum</em></span> <span class='ocrx_word' id='word_1_106' title='bbox 307 1141 370 1212; x_wconf 80' lang='lat' dir='ltr'><em>est</em></span> <span class='ocrx_word' id='word_1_107' title='bbox 396 1160 496 1193; x_wconf 85' lang='lat' dir='ltr'><em>cum</em></span> <span class='ocrx_word' id='word_1_108' title='bbox 520 1147 670 1192; x_wconf 88' lang='lat' dir='ltr'><em>mimis</em></span> <span class='ocrx_word' id='word_1_109' title='bbox 696 1178 712 1204; x_wconf 87' lang='grc'>,</span> <span class='ocrx_word' id='word_1_110' title='bbox 747 1141 809 1211; x_wconf 84' lang='lat' dir='ltr'><em>est</em></span> <span class='ocrx_word' id='word_1_111' title='bbox 835 1161 934 1191; x_wconf 89' lang='lat' dir='ltr'><em>cum</em></span> <span class='ocrx_word' id='word_1_112' title='bbox 962 1142 1307 1204; x_wconf 81' lang='lat' dir='ltr'><em>meretricibus,</em></span> <span class='ocrx_word' id='word_1_113' title='bbox 1341 1142 1464 1191; x_wconf 86' lang='lat' dir='ltr'><em>unde</em></span> 
     </span>
     <span class='ocr_line' id='line_1_16' title="bbox 113 1212 1465 1282; baseline -0.001 -17"><span class='ocrx_word' id='word_1_114' title='bbox 113 1219 266 1265; x_wconf 83' lang='lat' dir='ltr'><em>Fama</em></span> <span class='ocrx_word' id='word_1_115' title='bbox 299 1212 472 1263; x_wconf 87' lang='lat' dir='ltr'><em>malum</em></span> <span class='ocrx_word' id='word_1_116' title='bbox 503 1218 706 1277; x_wconf 85' lang='lat' dir='ltr'><em>gravius</em></span> <span class='ocrx_word' id='word_1_117' title='bbox 734 1249 752 1277; x_wconf 80' lang='lat'>‚</span> <span class='ocrx_word' id='word_1_118' title='bbox 788 1232 930 1282; x_wconf 80' lang='lat' dir='ltr'><em>quam</em></span> <span class='ocrx_word' id='word_1_119' title='bbox 970 1230 1041 1262; x_wconf 90' lang='lat' dir='ltr'><em>res</em></span> <span class='ocrx_word' id='word_1_120' title='bbox 1069 1212 1246 1266; x_wconf 87' lang='lat' dir='ltr'><em>trahit.</em></span> <span class='ocrx_word' id='word_1_121' title='bbox 1282 1232 1347 1263; x_wconf 88' lang='lat' dir='ltr'><em>an</em></span> <span class='ocrx_word' id='word_1_122' title='bbox 1372 1213 1465 1264; x_wconf 81' lang='lat' dir='ltr'><em>tibi</em></span> 
     </span>
     <span class='ocr_line' id='line_1_17' title="bbox 320 1284 505 1335; baseline -0.011 -1"><span class='ocrx_word' id='word_1_123' title='bbox 320 1284 505 1335; x_wconf 83' lang='lat' dir='ltr'><em>abunde</em></span> 
     </span>
     <span class='ocr_line' id='line_1_18' title="bbox 118 1355 1466 1426; baseline 0 -21"><span class='ocrx_word' id='word_1_124' title='bbox 118 1355 368 1423; x_wconf 83' lang='lat' dir='ltr'><em>Personam</em></span> <span class='ocrx_word' id='word_1_125' title='bbox 379 1357 509 1425; x_wconf 88' lang='lat' dir='ltr'><em>satis</em></span> <span class='ocrx_word' id='word_1_126' title='bbox 530 1355 623 1425; x_wconf 77' lang='lat' dir='ltr'><em>est,</em></span> <span class='ocrx_word' id='word_1_127' title='bbox 658 1373 752 1406; x_wconf 79' lang='lat' dir='ltr'><em>non</em></span> <span class='ocrx_word' id='word_1_128' title='bbox 774 1355 900 1407; x_wconf 89' lang='lat' dir='ltr'><em>illud</em></span> <span class='ocrx_word' id='word_1_129' title='bbox 917 1355 1139 1426; x_wconf 83' lang='lat' dir='ltr'><em>quicquid</em></span> <span class='ocrx_word' id='word_1_130' title='bbox 1157 1355 1326 1425; x_wconf 83' lang='lat' dir='ltr'><em>ubique</em></span> <span class='ocrx_word' id='word_1_131' title='bbox 1393 1358 1466 1410; x_wconf 85' lang='lat'><em>60</em></span> 
     </span>
     <span class='ocr_line' id='line_1_19' title="bbox 121 1426 1275 1497; baseline -0.001 -20"><span class='ocrx_word' id='word_1_132' title='bbox 121 1426 312 1494; x_wconf 76' lang='lat' dir='ltr'><em>Officit‚</em></span> <span class='ocrx_word' id='word_1_133' title='bbox 345 1429 571 1476; x_wconf 79' lang='lat' dir='ltr'><em>evitare?</em></span> <span class='ocrx_word' id='word_1_134' title='bbox 605 1427 772 1480; x_wconf 87' lang='lat' dir='ltr'><em>bonam</em></span> <span class='ocrx_word' id='word_1_135' title='bbox 801 1427 1042 1495; x_wconf 83' lang='lat' dir='ltr'><em>deperdere</em></span> <span class='ocrx_word' id='word_1_136' title='bbox 1054 1428 1275 1497; x_wconf 81' lang='lat' dir='ltr'><em>famam,</em></span> 
     </span>
     <span class='ocr_line' id='line_1_20' title="bbox 118 1496 1470 1568; baseline -0.001 -18"><span class='ocrx_word' id='word_1_137' title='bbox 118 1502 234 1550; x_wconf 84' lang='lat' dir='ltr'><em>Rem</em></span> <span class='ocrx_word' id='word_1_138' title='bbox 248 1501 410 1565; x_wconf 85' lang='lat' dir='ltr'><em>patris</em></span> <span class='ocrx_word' id='word_1_139' title='bbox 432 1496 682 1565; x_wconf 77' lang='lat' dir='ltr'><em>oblimare,</em></span> <span class='ocrx_word' id='word_1_140' title='bbox 714 1497 887 1548; x_wconf 83' lang='lat' dir='ltr'><em>malum</em></span> <span class='ocrx_word' id='word_1_141' title='bbox 910 1498 973 1568; x_wconf 75' lang='lat' dir='ltr'><em>est</em></span> <span class='ocrx_word' id='word_1_142' title='bbox 1000 1498 1266 1568; x_wconf 79' lang='lat' dir='ltr'><em>ubicumque</em></span> <span class='ocrx_word' id='word_1_143' title='bbox 1296 1518 1311 1550; x_wconf 90' lang='lat'><em>.·</em></span> <span class='ocrx_word' id='word_1_144' title='bbox 1348 1497 1470 1568; x_wconf 83' lang='lat' dir='ltr'><em>quid</em></span> 
     </span>
     <span class='ocr_line' id='line_1_21' title="bbox 321 1574 450 1619; baseline -0.008 0"><span class='ocrx_word' id='word_1_145' title='bbox 321 1574 450 1619; x_wconf 84' lang='lat' dir='ltr'><em>inter</em></span> 
     </span>
     <span class='ocr_line' id='line_1_22' title="bbox 120 1638 1260 1711; baseline -0.002 -20"><span class='ocrx_word' id='word_1_146' title='bbox 120 1638 210 1709; x_wconf 81' lang='lat' dir='ltr'><em>Est</em></span> <span class='ocrx_word' id='word_1_147' title='bbox 232 1644 284 1689; x_wconf 85' lang='lat' dir='ltr'><em>in</em></span> <span class='ocrx_word' id='word_1_148' title='bbox 309 1650 530 1690; x_wconf 82' lang='lat' dir='ltr'><em>matrona</em></span> <span class='ocrx_word' id='word_1_149' title='bbox 542 1683 560 1711; x_wconf 59' lang='lat'>9</span> <span class='ocrx_word' id='word_1_150' title='bbox 592 1638 792 1703; x_wconf 76' lang='lat' dir='ltr'><em>ancilla,</em></span> <span class='ocrx_word' id='word_1_151' title='bbox 816 1640 1028 1710; x_wconf 79' lang='lat' dir='ltr'><em>pecce‘sve</em></span> <span class='ocrx_word' id='word_1_152' title='bbox 1053 1651 1220 1702; x_wconf 85' lang='lat' dir='ltr'><em>togata</em></span> <span class='ocrx_word' id='word_1_153' title='bbox 1240 1641 1260 1689; x_wconf 73' lang='grc' dir='ltr'><em>ἓ</em></span> 
     </span>
     <span class='ocr_line' id='line_1_23' title="bbox 120 1708 1323 1781; baseline 0.001 -21"><span class='ocrx_word' id='word_1_154' title='bbox 120 1708 286 1761; x_wconf 78' lang='lat' dir='ltr'><em>Villius</em></span> <span class='ocrx_word' id='word_1_155' title='bbox 310 1716 361 1761; x_wconf 81' lang='lat' dir='ltr'><em>in</em></span> <span class='ocrx_word' id='word_1_156' title='bbox 383 1711 585 1780; x_wconf 77' lang='lat' dir='ltr'><em>Fausta,</em></span> <span class='ocrx_word' id='word_1_157' title='bbox 620 1716 652 1760; x_wconf 91' lang='lat' dir='ltr'><em>S</em></span> <span class='ocrx_word' id='word_1_158' title='bbox 644 1709 756 1780; x_wconf 76' lang='lat' dir='ltr'><em>yllae</em></span> <span class='ocrx_word' id='word_1_159' title='bbox 778 1727 917 1774; x_wconf 85' lang='lat' dir='ltr'><em>gener</em></span> <span class='ocrx_word' id='word_1_160' title='bbox 944 1711 1048 1778; x_wconf 82' lang='lat' dir='ltr'><em>(hoc</em></span> <span class='ocrx_word' id='word_1_161' title='bbox 1073 1711 1209 1781; x_wconf 71' lang='lat' dir='ltr'><em>miser</em></span> <span class='ocrx_word' id='word_1_162' title='bbox 1229 1726 1323 1761; x_wconf 83' lang='lat' dir='ltr'><em>uno</em></span> 
     </span>
     <span class='ocr_line' id='line_1_24' title="bbox 119 1782 1462 1855; baseline 0.001 -22"><span class='ocrx_word' id='word_1_163' title='bbox 119 1785 324 1833; x_wconf 78' lang='lat' dir='ltr'><em>Nomine</em></span> <span class='ocrx_word' id='word_1_164' title='bbox 350 1783 585 1851; x_wconf 79' lang='lat' dir='ltr'><em>deceptus)</em></span> <span class='ocrx_word' id='word_1_165' title='bbox 602 1797 765 1849; x_wconf 85' lang='lat' dir='ltr'><em>poenas</em></span> <span class='ocrx_word' id='word_1_166' title='bbox 789 1782 920 1832; x_wconf 86' lang='lat' dir='ltr'><em>dedit</em></span> <span class='ocrx_word' id='word_1_167' title='bbox 943 1782 1112 1852; x_wconf 76' lang='lat' dir='ltr'><em>usque,</em></span> <span class='ocrx_word' id='word_1_168' title='bbox 1139 1784 1364 1855; x_wconf 75' lang='lat' dir='ltr'><em>stipe‘rque</em></span> <span class='ocrx_word' id='word_1_169' title='bbox 1396 1782 1430 1834; x_wconf 86' lang='lat'>6</span> <span class='ocrx_word' id='word_1_170' title='bbox 1435 1799 1462 1853; x_wconf 82' lang='grc' dir='ltr'><strong><em>ς</em></strong></span> 
     </span>
     <span class='ocr_line' id='line_1_25' title="bbox 122 1853 1411 1925; baseline 0.002 -23"><span class='ocrx_word' id='word_1_171' title='bbox 122 1853 286 1921; x_wconf 79' lang='lat' dir='ltr'><em>Qam</em></span> <span class='ocrx_word' id='word_1_172' title='bbox 299 1854 428 1923; x_wconf 78' lang='lat' dir='ltr'><em>satis</em></span> <span class='ocrx_word' id='word_1_173' title='bbox 451 1854 513 1924; x_wconf 86' lang='lat' dir='ltr'><em>est</em></span> <span class='ocrx_word' id='word_1_174' title='bbox 527 1894 544 1922; x_wconf 63' lang='lat'>2</span> <span class='ocrx_word' id='word_1_175' title='bbox 568 1857 737 1921; x_wconf 84' lang='lat' dir='ltr'><em>pugnis</em></span> <span class='ocrx_word' id='word_1_176' title='bbox 761 1855 899 1924; x_wconf 76' lang='lat' dir='ltr'><em>caesics</em></span> <span class='ocrx_word' id='word_1_177' title='bbox 912 1894 930 1922; x_wconf 76' lang='lat'>,</span> <span class='ocrx_word' id='word_1_178' title='bbox 948 1854 1178 1925; x_wconf 78' lang='lat' dir='ltr'><em>ferro&#39;que</em></span> <span class='ocrx_word' id='word_1_179' title='bbox 1192 1860 1411 1922; x_wconf 82' lang='lat' dir='ltr'><em>petitus,</em></span> 
     </span>
     <span class='ocr_line' id='line_1_26' title="bbox 122 1923 1336 1996; baseline 0.002 -21"><span class='ocrx_word' id='word_1_180' title='bbox 122 1923 357 1993; x_wconf 72' lang='lat' dir='ltr'><em>Exclufits</em></span> <span class='ocrx_word' id='word_1_181' title='bbox 367 1927 506 1996; x_wconf 75' lang='lat' dir='ltr'><em>fhre,</em></span> <span class='ocrx_word' id='word_1_182' title='bbox 541 1943 682 1994; x_wconf 83' lang='lat' dir='ltr'><em>quum</em></span> <span class='ocrx_word' id='word_1_183' title='bbox 708 1929 1014 1988; x_wconf 87' lang='lat' dir='ltr'><em>Longarenus</em></span> <span class='ocrx_word' id='word_1_184' title='bbox 1035 1925 1162 1990; x_wconf 75' lang='lat' dir='ltr'><em>foret</em></span> <span class='ocrx_word' id='word_1_185' title='bbox 1187 1930 1336 1979; x_wconf 85' lang='lat' dir='ltr'><em>intus.</em></span> 
     </span>
     <span class='ocr_line' id='line_1_27' title="bbox 122 1995 1296 2066; baseline 0.001 -22"><span class='ocrx_word' id='word_1_186' title='bbox 122 1997 248 2044; x_wconf 87' lang='lat' dir='ltr'><em>Huic</em></span> <span class='ocrx_word' id='word_1_187' title='bbox 273 1995 322 2066; x_wconf 81' lang='lat' dir='ltr'><em>fi</em></span> <span class='ocrx_word' id='word_1_188' title='bbox 344 2001 546 2045; x_wconf 86' lang='lat' dir='ltr'><em>mutonis</em></span> <span class='ocrx_word' id='word_1_189' title='bbox 571 1995 732 2045; x_wconf 86' lang='lat' dir='ltr'><em>verbis</em></span> <span class='ocrx_word' id='word_1_190' title='bbox 755 1996 882 2046; x_wconf 87' lang='lat' dir='ltr'><em>mala</em></span> <span class='ocrx_word' id='word_1_191' title='bbox 910 2008 1056 2046; x_wconf 86' lang='lat' dir='ltr'><em>tanta</em></span> <span class='ocrx_word' id='word_1_192' title='bbox 1081 1997 1296 2047; x_wconf 87' lang='lat' dir='ltr'><em>videntis</em></span> 
     </span>
     <span class='ocr_line' id='line_1_28' title="bbox 125 2066 1472 2138; baseline 0.002 -23"><span class='ocrx_word' id='word_1_193' title='bbox 125 2069 320 2115; x_wconf 86' lang='lat' dir='ltr'><em>Diceret</em></span> <span class='ocrx_word' id='word_1_194' title='bbox 346 2066 444 2115; x_wconf 85' lang='lat' dir='ltr'><em>haec</em></span> <span class='ocrx_word' id='word_1_195' title='bbox 467 2071 678 2115; x_wconf 84' lang='lat' dir='ltr'><em>animus:</em></span> <span class='ocrx_word' id='word_1_196' title='bbox 713 2066 855 2137; x_wconf 74' lang='lat' dir='ltr'><em>Qid</em></span> <span class='ocrx_word' id='word_1_197' title='bbox 877 2072 956 2117; x_wconf 86' lang='lat' dir='ltr'><em>vis</em></span> <span class='ocrx_word' id='word_1_198' title='bbox 986 2067 1076 2117; x_wconf 91' lang='lat' dir='ltr'><em>tibi</em></span> <span class='ocrx_word' id='word_1_199' title='bbox 1102 2069 1122 2116; x_wconf 74' lang='grc' dir='ltr'><em>,ἲ</em></span> <span class='ocrx_word' id='word_1_200' title='bbox 1155 2067 1373 2138; x_wconf 81' lang='lat' dir='ltr'><em>nunquid</em></span> <span class='ocrx_word' id='word_1_201' title='bbox 1392 2083 1472 2132; x_wconf 80' lang='lat' dir='ltr'><em>ego</em></span> 
     </span>
     <span class='ocr_line' id='line_1_29' title="bbox 325 2136 434 2187; baseline 0 -1"><span class='ocrx_word' id='word_1_202' title='bbox 325 2136 358 2186; x_wconf 73' lang='grc' dir='ltr'><em>ἃ</em></span> <span class='ocrx_word' id='word_1_203' title='bbox 385 2149 434 2187; x_wconf 91' lang='lat' dir='ltr'><em>te</em></span> 
     </span>
     <span class='ocr_line' id='line_1_30' title="bbox 122 2206 1465 2277; baseline 0.004 -21"><span class='ocrx_word' id='word_1_204' title='bbox 122 2211 305 2269; x_wconf 84' lang='lat' dir='ltr'><em>Magno</em></span> <span class='ocrx_word' id='word_1_205' title='bbox 314 2219 600 2275; x_wconf 86' lang='lat' dir='ltr'><em>progna-tum</em></span> <span class='ocrx_word' id='word_1_206' title='bbox 628 2206 804 2277; x_wconf 77' lang='lat' dir='ltr'><em>deposco</em></span> <span class='ocrx_word' id='word_1_207' title='bbox 828 2206 1018 2276; x_wconf 75' lang='lat' dir='ltr'><em>Consule</em></span> <span class='ocrx_word' id='word_1_208' title='bbox 1041 2226 1266 2272; x_wconf 84' lang='lat' dir='ltr'><em>cunnum,</em></span> <span class='ocrx_word' id='word_1_209' title='bbox 1395 2225 1465 2263; x_wconf 72' lang='lat'><em>&#39;70</em></span> 
     </span>
     <span class='ocr_line' id='line_1_31' title="bbox 124 2276 1275 2350; baseline 0.003 -23"><span class='ocrx_word' id='word_1_210' title='bbox 124 2276 428 2347; x_wconf 83' lang='lat' dir='ltr'><em>Velatumque</em></span> <span class='ocrx_word' id='word_1_211' title='bbox 442 2278 596 2348; x_wconf 76' lang='lat' dir='ltr'><em>stola,</em></span> <span class='ocrx_word' id='word_1_212' title='bbox 630 2297 731 2327; x_wconf 88' lang='lat' dir='ltr'><em>mea</em></span> <span class='ocrx_word' id='word_1_213' title='bbox 759 2297 857 2328; x_wconf 88' lang='lat' dir='ltr'><em>cum</em></span> <span class='ocrx_word' id='word_1_214' title='bbox 881 2279 1140 2350; x_wconf 84' lang='lat' dir='ltr'><em>conferbuit</em></span> <span class='ocrx_word' id='word_1_215' title='bbox 1160 2281 1275 2330; x_wconf 76' lang='lat' dir='ltr'><em>ira?</em></span> 
     </span>
     <span class='ocr_line' id='line_1_32' title="bbox 124 2348 1414 2421; baseline 0.004 -24"><span class='ocrx_word' id='word_1_216' title='bbox 124 2348 268 2418; x_wconf 78' lang='lat' dir='ltr'><em>Qid</em></span> <span class='ocrx_word' id='word_1_217' title='bbox 284 2350 612 2419; x_wconf 76' lang='lat' dir='ltr'><em>responderet?</em></span> <span class='ocrx_word' id='word_1_218' title='bbox 647 2355 825 2413; x_wconf 84' lang='lat' dir='ltr'><em>Magno</em></span> <span class='ocrx_word' id='word_1_219' title='bbox 844 2362 988 2418; x_wconf 86' lang='lat' dir='ltr'><em>patre</em></span> <span class='ocrx_word' id='word_1_220' title='bbox 1012 2362 1134 2401; x_wconf 88' lang='lat' dir='ltr'><em>nata</em></span> <span class='ocrx_word' id='word_1_221' title='bbox 1153 2349 1312 2419; x_wconf 83' lang='lat' dir='ltr'><em>puella</em></span> <span class='ocrx_word' id='word_1_222' title='bbox 1333 2349 1414 2421; x_wconf 72' lang='lat' dir='ltr'><em>est.</em></span> 
     </span>
     <span class='ocr_line' id='line_1_33' title="bbox 125 2420 1365 2493; baseline 0.002 -23"><span class='ocrx_word' id='word_1_223' title='bbox 125 2424 208 2470; x_wconf 87' lang='lat' dir='ltr'><em>At</em></span> <span class='ocrx_word' id='word_1_224' title='bbox 231 2433 410 2489; x_wconf 80' lang='lat' dir='ltr'><em>quanto</em></span> <span class='ocrx_word' id='word_1_225' title='bbox 431 2420 621 2471; x_wconf 87' lang='lat' dir='ltr'><em>meliora</em></span> <span class='ocrx_word' id='word_1_226' title='bbox 646 2433 828 2489; x_wconf 73' lang='lat' dir='ltr'><em>monet,</em></span> <span class='ocrx_word' id='word_1_227' title='bbox 855 2426 1211 2491; x_wconf 83' lang='lat' dir='ltr'><em>pugnantiaque</em></span> <span class='ocrx_word' id='word_1_228' title='bbox 1235 2421 1365 2493; x_wconf 75' lang='lat' dir='ltr'><em>istis,</em></span> 
     </span>
     <span class='ocr_line' id='line_1_34' title="bbox 126 2493 1205 2564; baseline 0.001 -23"><span class='ocrx_word' id='word_1_229' title='bbox 126 2494 286 2541; x_wconf 86' lang='lat' dir='ltr'><em>Dives</em></span> <span class='ocrx_word' id='word_1_230' title='bbox 309 2496 402 2558; x_wconf 88' lang='lat' dir='ltr'><em>opis</em></span> <span class='ocrx_word' id='word_1_231' title='bbox 427 2505 606 2542; x_wconf 87' lang='lat' dir='ltr'><em>natura</em></span> <span class='ocrx_word' id='word_1_232' title='bbox 624 2493 758 2562; x_wconf 75' lang='lat' dir='ltr'><em>fiiae,</em></span> <span class='ocrx_word' id='word_1_233' title='bbox 779 2495 828 2564; x_wconf 87' lang='lat' dir='ltr'><strong><em>fi</em></strong></span> <span class='ocrx_word' id='word_1_234' title='bbox 849 2506 904 2542; x_wconf 89' lang='lat' dir='ltr'><em>tu</em></span> <span class='ocrx_word' id='word_1_235' title='bbox 930 2493 1058 2542; x_wconf 85' lang='lat' dir='ltr'><em>modo</em></span> <span class='ocrx_word' id='word_1_236' title='bbox 1082 2496 1205 2544; x_wconf 64' lang='lat' dir='ltr'><em>rec‘te</em></span> 
     </span>
     <span class='ocr_line' id='line_1_35' title="bbox 125 2562 1467 2636; baseline 0.003 -25"><span class='ocrx_word' id='word_1_237' title='bbox 125 2562 406 2630; x_wconf 77' lang='lat' dir='ltr'><em>Dispensare</em></span> <span class='ocrx_word' id='word_1_238' title='bbox 433 2562 554 2613; x_wconf 86' lang='lat' dir='ltr'><em>velis</em></span> <span class='ocrx_word' id='word_1_239' title='bbox 567 2603 584 2630; x_wconf 75' lang='grc'>,</span> <span class='ocrx_word' id='word_1_240' title='bbox 617 2581 672 2612; x_wconf 89' lang='lat' dir='ltr'><em>ac</em></span> <span class='ocrx_word' id='word_1_241' title='bbox 693 2582 785 2613; x_wconf 87' lang='lat' dir='ltr'><em>non</em></span> <span class='ocrx_word' id='word_1_242' title='bbox 793 2564 1026 2634; x_wconf 85' lang='lat' dir='ltr'><em>fugienda</em></span> <span class='ocrx_word' id='word_1_243' title='bbox 1045 2565 1257 2631; x_wconf 81' lang='lat' dir='ltr'><em>petendis</em></span> <span class='ocrx_word' id='word_1_244' title='bbox 1403 2579 1467 2636; x_wconf 80' lang='lat'><em>75</em></span> 
     </span>
     <span class='ocr_line' id='line_1_36' title="bbox 127 2634 1235 2702; baseline 0.005 -20"><span class='ocrx_word' id='word_1_245' title='bbox 127 2634 385 2701; x_wconf 80' lang='lat' dir='ltr'><em>Immifiere</em></span> <span class='ocrx_word' id='word_1_246' title='bbox 400 2654 415 2684; x_wconf 90' lang='lat'><em>:</em></span> <span class='ocrx_word' id='word_1_247' title='bbox 448 2646 531 2684; x_wconf 86' lang='lat' dir='ltr'><em>tuo</em></span> <span class='ocrx_word' id='word_1_248' title='bbox 555 2639 712 2702; x_wconf 73' lang='lat' dir='ltr'><em>vitio,</em></span> <span class='ocrx_word' id='word_1_249' title='bbox 746 2637 988 2699; x_wconf 68' lang='lat' dir='ltr'><em>rerumne,</em></span> <span class='ocrx_word' id='word_1_250' title='bbox 1025 2634 1235 2700; x_wconf 79' lang='lat' dir='ltr'><em>labores,</em></span> 
     </span>
     <span class='ocr_line' id='line_1_37' title="bbox 128 2701 1268 2830; baseline 0.007 -78"><span class='ocrx_word' id='word_1_251' title='bbox 128 2701 225 2772; x_wconf 72' lang='lat' dir='ltr'><em>Nil</em></span> <span class='ocrx_word' id='word_1_252' title='bbox 239 2705 413 2776; x_wconf 75' lang='lat' dir='ltr'><em>referre</em></span> <span class='ocrx_word' id='word_1_253' title='bbox 430 2707 614 2774; x_wconf 80' lang='lat' dir='ltr'><em>putas?</em></span> <span class='ocrx_word' id='word_1_254' title='bbox 648 2722 794 2777; x_wconf 75' lang='lat' dir='ltr'><em>quare</em></span> <span class='ocrx_word' id='word_1_255' title='bbox 805 2724 911 2830; x_wconf 72' lang='lat' dir='ltr'><em>,cue</em></span> <span class='ocrx_word' id='word_1_256' title='bbox 926 2712 1159 2774; x_wconf 71' lang='lat' dir='ltr'><em>poeniteat</em></span> <span class='ocrx_word' id='word_1_257' title='bbox 1185 2720 1268 2773; x_wconf 81' lang='lat' dir='ltr'><em>te,</em></span> 
     </span>
     <span class='ocr_line' id='line_1_38' title="bbox 892 2779 1484 2848; baseline -0.005 0"><span class='ocrx_word' id='word_1_258' title='bbox 892 2796 931 2848; x_wconf 86' lang='lat'><em>4</em></span> <span class='ocrx_word' id='word_1_259' title='bbox 1379 2779 1484 2845; x_wconf 55' lang='lat' dir='ltr'><em>ve:-</em></span> 
     </span>
    </p>
   </div>
  </div>
 </body>
</html>
