1677 3054
323 137 834 200 ΕΑΤῙΚΑ-ἸΧ.
907 145 1089 200 Lm:
1160 145 1272 213 1.,
1357 164 1458 219 353

108 233 217 284 Aut
242 232 389 283 cit-ists
416 231 566 300 poffit
591 231 792 282 versus?
826 231 936 300 quis
961 232 1189 283 membra
1217 246 1431 285 movere

114 302 326 355 Mollius
352 304 372 355 ?
422 302 649 354 invideat
678 300 818 372 quod
859 303 918 355 &
944 301 1305 372 Hermogenes
1317 309 1344 371 ,’
1366 314 1476 373 egov

378 386 548 425 canto,
1393 391 1462 446 25

117 444 461 513 Interpellandi
489 444 608 495 locus
629 443 704 494 hic
731 454 871 512 erat,
903 443 993 514 Est
1018 444 1110 493 tibi
1136 457 1322 509 mater,

116 522 350 584 Cognati,
367 520 493 586 queis
523 528 572 566 te
584 514 730 586 salvo
757 514 820 586 est
845 516 990 584 opus?
1025 515 1181 568 Haud
1195 516 1323 568 mihi
1337 513 1470 588 quis:-

421 604 566 639 uam:

115 656 316 709 Omnes
343 607 622 727 cglmposui.
692 656 889 725 Felices,
923 675 1044 707 nunc
1066 674 1144 720 ego
1171 657 1285 728 resto
1301 677 1317 708 .-

111 728 290 800 Confice
303 765 320 792 ,
354 747 551 798 namque
576 727 723 798 instat
737 730 908 799 fatum
934 729 1050 778 mihi
1076 729 1208 799 trtste
1233 726 1422 780 Sabella

110 797 262 869 Qod
272 815 416 866 puero
441 804 635 864 cecinit,
670 799 842 848 divina
870 812 999 849 mota
1025 819 1145 849 anus
1171 817 1310 854 urna.
1399 817 1470 870 30

115 873 257 919 Hunc
281 888 423 938 neque
449 871 559 920 dira
585 887 770 919 venena
798 887 878 918 nec
893 869 1086 938 hosticus
1112 871 1296 941 auferet
1323 871 1435 943 enfis
1451 887 1467 919 .-

115 943 219 993 Nec
245 938 449 989 laterum
475 938 634 1005 dolor,
649 950 739 987 aut
763 938 891 1005 tuffls
918 957 998 988 nec
1025 941 1170 988 tarda
1188 942 1399 1007 podagra
1417 959 1432 990 .·

116 1008 354 1060 Garrulus
382 1010 503 1060 hunc
529 1008 715 1078 quando
742 1009 968 1078 consumet
984 1027 1172 1077 cunque.
1208 1014 1470 1079 Loquaces‚

114 1084 165 1130 Si
179 1081 375 1149 sapiat,
409 1085 572 1147 vitet,
594 1078 879 1150 simulatque
906 1079 1174 1130 adoleverit
1199 1091 1334 1130 aetas.

119 1155 318 1202 Ventum
344 1162 454 1202 erat
478 1151 549 1201 ad
570 1150 713 1220 Vestae
740 1163 921 1220 quarta
935 1152 1045 1217 jam
1062 1163 1208 1218 parte
1230 1152 1321 1202 diei
1407 1167 1470 1222 35

117 1225 382 1273 Praeterita
400 1241 415 1272 .·
452 1222 520 1282 ὠ·
544 1224 649 1292 caste
666 1258 683 1285 ‚
718 1234 830 1272 tunc
856 1222 1121 1290 respondere
1144 1222 1332 1274 vadato

120 1293 374 1344 Debebat:
413 1294 539 1363 quod
561 1298 612 1343 ni
623 1294 838 1363 feczſjet,
868 1293 1061 1360 perdere
1089 1291 1236 1346 litem.

123 1364 180 1419 Si
205 1381 290 1416 me
317 1381 452 1417 amas
481 1405 499 1432 ‚
545 1369 704 1434 inquit
730 1400 748 1427 ,
794 1364 1003 1433 paulum
1026 1363 1118 1416 hic
1145 1365 1273 1418 ades.
1346 1365 1485 1434 Inte-J

390 1452 520 1485 ream
536 1435 586 1507 fi

124 1510 240 1557 Aut
266 1504 404 1557 valeo
418 1506 583 1577 stare,
618 1515 708 1556 aut
733 1509 849 1556 novi
871 1503 1034 1555 civilia
1049 1505 1206 1572 jura:

115 1580 198 1627 Et
216 1593 411 1645 propero
449 1595 537 1646 quo
568 1577 679 1647 scis.
752 1575 955 1629 Dubius
981 1576 1091 1629 sum
1117 1576 1241 1647 quid
1266 1577 1485 1647 faciamg

382 1666 435 1697 m
468 1652 574 1697 uit:

124 1717 276 1770 Tene
301 1667 713 1838 relinguam,llan
740 1732 867 1770 rem.
902 1721 1023 1786 Me,
1046 1717 1200 1788 fides.
1247 1717 1384 1770 Non
1402 1667 1485 1771 ff-

391 1806 522 1841 c1am
538 1829 553 1855 ,
587 1809 604 1838 ι
641 1807 676 1838 e.
963 1810 965 1813 ·

80 1925 83 1927 Β
123 1862 198 1910 Et
213 1860 474 1927 praecedere
499 1865 648 1928 coepit.
694 1863 798 1922 Ego
827 1862 907 1928 (ut
934 1861 1204 1910 contendere
1229 1860 1398 1911 durum
1421 1860 1487 1932 cst

123 1936 240 1980 Cum
262 1933 463 1998 victore)
483 1932 667 2000 sequor.
703 1929 966 1981 Maecenas
993 1931 1260 1999 quomodo
1285 1933 1487 1985 tecum?

126 2004 252 2058 Hinc
266 2007 452 2069 repetit.
510 2006 768 2052 Paucorum
794 1998 1063 2064 hominum,
1091 2000 1157 2060 εὖ»
1183 2007 1350 2052 mentis
1378 2003 1491 2054 bene

380 2072 533 2142 sance.

126 2141 312 2194 Nemo
339 2143 589 2213 dexteriue
618 2142 820 2215 fqrtuna
847 2141 922 2193 est
946 2141 1084 2194 usus:
1122 2141 1354 2194 Haberes
1417 2159 1488 2215 45

128 2213 388 2283 Magnum
411 2215 727 2280 adjutorem,
762 2213 927 2281 pofl'et
953 2216 1040 2283 qui
1071 2213 1204 2264 ferre
1228 2213 1490 2282 secundm,

127 2283 291 2338 Hunc
318 2286 584 2337 hominem
615 2286 769 2336 velles
794 2283 830 2334 fi
858 2283 1068 2336 tradere.
1105 2282 1404 2353 Dispeream
1430 2287 1486 2338 ni

129 2355 445 2409 Summosses
467 2372 664 2408 omnes.
742 2359 851 2405 Non
875 2354 957 2424 isto
986 2359 1198 2406 vivimus
1221 2354 1314 2405 illic

130 2425 244 2498 Qo
267 2439 322 2478 tu
352 2445 452 2477 rere
482 2428 640 2478 modo:
677 2426 835 2475 domus
860 2426 948 2475 hac
973 2444 1052 2474 nec
1072 2431 1241 2492 purior
1269 2425 1370 2477 ulla
1403 2425 1488 2496 est,

134 2501 237 2550 Nec
261 2504 408 2563 magis
434 2498 508 2550 his
535 2498 692 2550 aliena
719 2495 886 2560 malis,
914 2495 989 2547 nil
1008 2495 1073 2548 mi
1102 2495 1243 2563 officit
1264 2513 1490 2569 unquam,

196 2684 243 2724 30
269 2670 365 2710 moth
385 2673 530 2711 divina.
595 2675 643 2724 36
673 2674 852 2710 vadatus.
910 2682 963 2717 42
992 2668 1089 2710 deest
1108 2671 1170 2725 est.

193 2729 242 2778 48
274 2729 341 2780 Isto
362 2743 431 2770 non
450 2729 626 2772 vivitur.-
685 2741 734 2780 49
768 2728 930 2778 Saeuam,
