1677 3054
138 152 240 207 162
400 149 763 208 SAT1RA
831 150 925 210 IV.
999 108 1180 215 L=1R
1248 154 1292 211 Ι.

132 233 378 303 Custodes:
413 234 660 286 videamus
685 248 793 286 uter
810 235 920 304 plus
937 236 1145 308 firibere
1163 240 1317 308 poſjit.

130 309 223 356 Dii
248 305 360 357 bene
369 307 622 378 fecerunt,
656 312 806 376 inopis
828 327 899 358 me
925 310 1134 380 quodque
1147 311 1307 383 pusilli

132 383 408 428 finxerunt
431 383 610 428 animi:
646 380 756 429 raro
785 379 850 439 εἴ)
866 396 1102 449 perpauca
1129 382 1390 452 loquentis:

135 455 219 500 At
245 463 299 499 tu
326 448 557 520 conclusas
584 450 779 501 hircinis
792 445 996 523 follibus
1021 471 1198 519 auras,

133 522 284 590 Usque
311 520 582 572 laborantes
610 522 922 595 dumfe‘rrum
948 524 1134 576 molliat
1160 531 1313 592 ignis,
1429 545 1502 583 20

131 598 201 644 Ut
229 598 422 662 mavis,
456 599 663 645 imitare.
713 602 899 647 Beatus
927 602 1137 649 Fannius
1152 639 1173 667 7
1193 598 1323 663 ultro

131 663 328 716 Delatis
355 667 491 738 capsts
520 666 585 726 ἔφ’
611 672 843 731 imagine:
879 688 1022 739 quum
1047 688 1150 719 mea
1179 688 1309 720 nemo

130 742 319 806 Scripta
344 737 471 802 legat
484 775 501 803 ,
517 736 658 803 vulgo
687 746 888 790 recitare
903 745 1117 792 timentis
1131 783 1148 810 2
1166 743 1220 792 ob
1233 742 1356 793 hanc
1370 759 1467 794 rem
1479 750 1501 813 ,'

130 809 284 881 Qod
300 810 423 881 fiant
449 829 559 880 quos
596 830 740 876 genus
766 812 848 863 hoc
873 817 1061 864 minime
1089 814 1251 883 juvat
1278 834 1295 866 .-
1341 828 1506 884 utpote

391 882 553 952 plures

131 953 325 1023 Culpari
345 955 519 1019 dignos.
555 955 796 1025 Qemvis
823 956 975 1008 media
1000 974 1107 1008 erue
1137 959 1283 1009 turba
1300 978 1316 1008 .·
1432 975 1498 1027 25

132 1031 248 1079 Aut
275 1027 330 1077 ob
358 1033 656 1097 avaritiam,
693 1042 781 1079 aut
809 1031 977 1098 misera
1006 1031 1262 1081 ambitione
1277 1030 1467 1080 laborat
1486 1047 1503 1080 t

132 1103 229 1150 Hic
251 1113 507 1168 nuptarum
535 1101 716 1169 insanit
742 1103 1005 1168 amoribus,
1039 1101 1115 1152 hic
1133 1118 1414 1170 puerorum:

132 1174 274 1227 Hunc
297 1178 421 1240 capit
446 1178 636 1235 argenti
646 1171 868 1242 splendor
883 1193 898 1223 :
919 1173 1081 1242 stupet
1109 1174 1288 1224 Albius
1316 1191 1409 1224 aere
1427 1191 1442 1222 :
1467 1176 1469 1179 ’

135 1247 232 1293 Hic
259 1256 422 1294 mutat
449 1261 618 1294 merces
635 1244 860 1314 surgente
890 1243 921 1295 ἂ
932 1244 1063 1314 sole>
1099 1246 1170 1296 ad
1189 1264 1291 1296 eum
1317 1264 1405 1315 quo

135 1317 410 1385 Vespertina
438 1328 563 1384 tepet
592 1322 746 1380 regio:
781 1321 895 1385 quin
915 1333 1003 1383 per
1028 1316 1156 1367 mala
1170 1333 1376 1386 praeceps
1438 1334 1507 1389 ’μῦ

129 1392 339 1456 Fertur,
375 1393 451 1439 uti
466 1387 636 1455 pulvis
661 1386 871 1438 collectus
897 1388 1117 1457 turbine,
1152 1408 1210 1439 ne
1243 1389 1364 1458 quid

129 1464 321 1509 Summa
348 1459 608 1529 deperdat,
641 1472 878 1528 metuens,
915 1472 1005 1511 aut
1030 1459 1223 1529 ampliet
1247 1472 1305 1512 ut
1334 1478 1447 1513 rem.

131 1535 306 1583 Omnes
327 1531 380 1582 hi
405 1544 626 1584 metuunt
652 1532 818 1602 versus
832 1572 850 1599 ,
885 1532 1021 1582 odere
1042 1536 1236 1585 Po'e‘tas.

130 1610 325 1655 Foenum
353 1603 500 1654 habet
521 1609 574 1654 in
600 1621 738 1654 cornu
753 1641 769 1668 ‚
800 1603 931 1668 longe
941 1602 1344 1676 fugesdummodo
1360 1602 1510 1674 rifimt

132 1681 378 1727 Excutiat
406 1675 488 1744 fibi
505 1716 521 1743 3
556 1694 650 1726 non
673 1675 749 1725 hic
774 1681 990 1745 cuiquam
1009 1689 1179 1745 parcet
1209 1680 1385 1727 amico:
1440 1691 1507 1746 35>

132 1751 210 1799 Et
239 1749 550 1818 quodcumque
563 1746 713 1816 semel
730 1747 912 1797 chartis
937 1746 1149 1800 illeverit
1161 1784 1179 1811 ,
1205 1765 1361 1798 omnes

136 1820 315 1892 Gestiet
341 1818 374 1871 ἃ
385 1819 540 1890 furno
568 1819 814 1869 redeuntes
828 1820 983 1889 scire,
1015 1818 1240 1889 lacuque,

131 1896 209 1944 Et
226 1908 394 1961 pueros
421 1887 487 1951 ὀύ
512 1909 647 1942 anus.
706 1890 928 1955 Agedum
943 1905 1099 1959 pauca
1124 1895 1273 1958 accipe
1302 1900 1508 1939 contra:

133 1967 346 2015 Primum
374 1980 450 2027 ego
476 1981 546 2013 me
561 1960 775 2026 illorum,
792 1961 995 2012 dederim
1021 1962 1188 2032 quibus
1216 1962 1298 2032 effe
1312 1964 1513 2029 Po'e'tas·²

134 2039 405 2105 Excerpam
443 2051 631 2085 numero
664 2053 678 2085 :
739 2051 886 2103 neque
921 2038 1043 2085 enim
1085 2031 1347 2085 concludere
1391 2048 1517 2084 ver-

390 2108 501 2178 sum
1416 2130 1419 2132 ·
1440 2121 1523 2173 40-

134 2184 337 2233 Dixeris
360 2182 443 2251 effi*
457 2177 617 2249 satis,
651 2195 824 2247 neque,
850 2177 900 2249 si
931 2182 1033 2247 quis
1047 2178 1237 2248 scribat
1251 2180 1372 2242 ,uti
1397 2191 1480 2227 nos
1489 2208 1510 2238 2

135 2257 346 2304 Sermoni
356 2255 578 2320 propiora
593 2290 612 2318 9
635 2262 778 2318 putes
800 2249 923 2299 hunc
947 2251 1037 2320 ‘'ff’'
1058 2253 1272 2301 Poe'tam.
1407 2313 1414 2318 ,

137 2329 381 2389 Ingenium
408 2323 559 2394 cuifit
574 2358 592 2385 ,
622 2326 692 2372 cui
719 2339 844 2371 mens
870 2321 1112 2390 divinior,
1143 2333 1289 2391 atque
1312 2336 1362 2369 os

139 2402 328 2459 Magna
339 2396 628 2465 sonaturum
645 2433 662 2460 ‚
696 2392 778 2443 des
819 2398 1019 2443 nominis
1045 2393 1184 2460 hujus
1211 2392 1442 2444 honorem.

138 2469 315 2519 Idcirco
345 2465 569 2537 quidam,
607 2464 869 2532 Comoedia,
903 2483 1042 2514 necne
1072 2467 1244 2514 Po'e'ma
1435 2477 1509 2533 452

140 2541 305 2611 Effet‚
340 2538 593 2610 quaefivere
609 2555 624 2586 .·
651 2535 778 2606 quod
795 2553 901 2587 acer
913 2536 1117 2607 spiritus
1145 2553 1199 2586 ac
1225 2539 1305 2586 vis
1403 2605 1469 2656 N

1033 2625 1039 2629 ·
1460 2618 1508 2655 ee

204 2723 252 2761 17
285 2712 354 2750 Di.
414 2721 466 2758 25
495 2711 630 2761 arripe.
692 2710 743 2748 26
782 2711 828 2748 ab
850 2707 1045 2752 avaritia,
1074 2718 1144 2749 aut
1166 2707 1283 2761 miser.

205 2780 252 2823 30
283 2777 392 2822 teget.
458 2779 503 2822 33
537 2768 700 2808 Ponam.
767 2779 813 2819 39
843 2766 988 2806 Poetis,
